<record><leader>00000cas a22000007a 4500</leader><controlfield tag="001">24168161</controlfield><controlfield tag="008">910802d190419uuohudn ne      0    0eng d</controlfield><datafield ind1=" " ind2=" " tag="010"><subfield code="a">sn 91069999 </subfield></datafield><datafield ind1=" " ind2=" " tag="040"><subfield code="a">ONP</subfield><subfield code="b">eng</subfield><subfield code="c">ONP</subfield><subfield code="d">OCLCQ</subfield></datafield><datafield ind1=" " ind2=" " tag="042"><subfield code="a">msc</subfield></datafield><datafield ind1="0" ind2=" " tag="130"><subfield code="a">Hamilton sun (Hamilton, Ohio : 1904)</subfield></datafield><datafield ind1="1" ind2="4" tag="245"><subfield code="a">The Hamilton sun.</subfield></datafield><datafield ind1=" " ind2=" " tag="260"><subfield code="a">Hamilton, Ohio :</subfield><subfield code="b">Sun Pub. Co.,</subfield><subfield code="c">1904-</subfield></datafield><datafield ind1=" " ind2=" " tag="300"><subfield code="a">v.</subfield></datafield><datafield ind1=" " ind2=" " tag="310"><subfield code="a">Daily (except Sun.)</subfield></datafield><datafield ind1="0" ind2=" " tag="362"><subfield code="a">Vol. 3, no. 289 (Dec. 8, 1904)-</subfield></datafield><datafield ind1=" " ind2=" " tag="752"><subfield code="a">United States</subfield><subfield code="b">Ohio</subfield><subfield code="c">Butler</subfield><subfield code="d">Hamilton.</subfield></datafield><datafield ind1="0" ind2="0" tag="780"><subfield code="t">Hamilton evening sun</subfield><subfield code="w">(DLC)sn 83035360</subfield></datafield><datafield ind1="0" ind2="7" tag="785"><subfield code="t">Hamilton evening Democrat</subfield><subfield code="w">(DLC)sn 88077319</subfield></datafield><datafield ind1="0" ind2="7" tag="785"><subfield code="t">Hamilton Democrat-sun</subfield><subfield code="w">(DLC)sn 88077320</subfield></datafield></record>